@article{survey1,
    author  = "Emmanouil Benetos{,} Simon Dixon{,} Dimitrios Giannoulis{,} Holger Kirchhoff{,} Anssi Klapuri",
    title   = "Automatic music transcription: challenges and future directions",
    journal = "Journal of Intelligent Information Systems",
    volume  = "41",
    pages   = "407-434",
    year    = "2013"
}

@article{survey2,
    author  = "Tiago Fernandes Tavares{,} Jayme Garcia Arnal Barbedo{,} Romis Attux{,} Amauri Lopes",
    title   = "Survey on automatic transcription of music",
    journal = "Journal of the Brazilian Computer Society",
    volume  = "19",
    pages   = "589-604",
    year    = "2013"
}

@article{hater,
    author  = "Adrian von dem Knesebeck{,} Udo ZÃ¶lzer",
    title   = "Comparison of Pitch Trackers for Real-Time Guitar Effects",
    year    = "2010"
}

@article{infomax,
    author  = "F. {Guichard} and F. {Malgouyres}",
    title   = "Total variation based interpolation",
    year    = "1998"
}

@article{interpol,
    author  = "Julius Orion Smith III",
    title   = "Spectral Audio Signal Processing",
    note    = "\\\url{https://www.dsprelated.com/freebooks/sasp/Quadratic_Interpolation_Spectral_Peaks.html}\\Accessed on 26-03-2021",
    year    = "2013"
}

@article{cqt,
    author  = "Z. Ding and L. Dai",
    title   = "A study of constant Q transform in music signal analysis",
    volume  = "24",
    pages   = "259-263",
    year    = "2005"
}

@article{gauss,
    author  = "Z. {Duan} and Y. {Zhang} and C. {Zhang} and Z. {Shi}",
    title   = "Unsupervised Single-Channel Music Source Separation by Average Harmonic Structure Modeling",
    journal = "IEEE Transactions on Audio, Speech, and Language Processing",
    volume  = "16",
    pages   = "766-778",
    number  = "4",
    year    = "2008"
}

@article{interpol2,
    author  = "Kurt James Werner",
    title   = "The XQIFFT: Increasing the Accuracy of Quadratic Interpolation of Spectral Peaks via Exponential Magnitude Spectrum Weighting",
    year    = "2015"
}
